@INPROCEEDINGS{5381489, 
author={X. Xie and J. Ho and C. Murphy and G. Kaiser and B. Xu and T. Y. Chen}, 
booktitle={2009 Ninth International Conference on Quality Software}, 
title={Application of Metamorphic Testing to Supervised Classifiers}, 
year={2009}, 
volume={}, 
number={}, 
pages={135-144}, 
keywords={learning (artificial intelligence);pattern classification;program testing;program verification;software quality;metamorphic testing;scientific computing software;supervised machine learning classification algorithm;test oracle;Application software;Classification algorithms;Computational biology;Computational linguistics;Machine learning;Machine learning algorithms;Scientific computing;Software algorithms;Software quality;Software testing;Machine Learning;Metamorphic Testing;Oracle Problem;Software Testing}, 
doi={10.1109/QSIC.2009.26}, 
ISSN={1550-6002}, 
month={Aug},}
@ARTICLE{7422146, 
	author={S. Segura and G. Fraser and A. B. Sanchez and A. Ruiz-Cort√©s}, 
	journal={IEEE Transactions on Software Engineering}, 
	title={A Survey on Metamorphic Testing}, 
	year={2016}, 
	volume={42}, 
	number={9}, 
	pages={805-824}, 
	keywords={program testing;metamorphic relations;metamorphic testing;test execution;test oracle;Concrete;Distance measurement;Google;Libraries;Search engines;Testing;Web services;Metamorphic testing;oracle problem;survey}, 
	doi={10.1109/TSE.2016.2532875}, 
	ISSN={0098-5589}, 
	month={Sept},}
@article{doi:10.1093/comjnl/25.4.465,
	author = {Weyuker, Elaine J.},
	title = {On Testing Non-Testable Programs},
	journal = {The Computer Journal},
	volume = {25},
	number = {4},
	pages = {465-470},
	year = {1982},
	doi = {10.1093/comjnl/25.4.465},
	URL = { + http://dx.doi.org/10.1093/comjnl/25.4.465},
	eprint = {/oup/backfile/content_public/journal/comjnl/25/4/10.1093/comjnl/25.4.465/2/25-4-465.pdf}
}
@Article{Cortes1995,
	author="Cortes, Corinna
	and Vapnik, Vladimir",
	title="Support-vector networks",
	journal="Machine Learning",
	year="1995",
	month="Sep",
	day="01",
	volume="20",
	number="3",
	pages="273--297",
	abstract="Thesupport-vector network is a new learning machine for two-group classification problems. The machine conceptually implements the following idea: input vectors are non-linearly mapped to a very high-dimension feature space. In this feature space a linear decision surface is constructed. Special properties of the decision surface ensures high generalization ability of the learning machine. The idea behind the support-vector network was previously implemented for the restricted case where the training data can be separated without errors. We here extend this result to non-separable training data.",
	issn="1573-0565",
	doi="10.1007/BF00994018",
	url="https://doi.org/10.1007/BF00994018"
}
@inproceedings{Elbaum:2014:KUT:2635868.2666608,
	author = {Elbaum, Sebastian and Rosenblum, David S.},
	title = {Known Unknowns: Testing in the Presence of Uncertainty},
	booktitle = {Proceedings of the 22Nd ACM SIGSOFT International Symposium on Foundations of Software Engineering},
	series = {FSE 2014},
	year = {2014},
	isbn = {978-1-4503-3056-5},
	location = {Hong Kong, China},
	pages = {833--836},
	numpages = {4},
	url = {http://doi.acm.org/10.1145/2635868.2666608},
	doi = {10.1145/2635868.2666608},
	acmid = {2666608},
	publisher = {ACM},
	address = {New York, NY, USA},
	keywords = {Fault Masking, Hidden Markov Models, Software Testing, Uncertainty Quantification},
} 
@ARTICLE{7254235, 
	author={Z. Q. Zhou and S. Xiang and T. Y. Chen}, 
	journal={IEEE Transactions on Software Engineering}, 
	title={Metamorphic Testing for Software Quality Assessment: A Study of Search Engines}, 
	year={2016}, 
	volume={42}, 
	number={3}, 
	pages={264-284}, 
	keywords={Internet;program testing;program verification;search engines;software quality;user interfaces;Baidu;Chinese Bing;Google;Web search engines;metamorphic testing;software quality assessment;software validation;software verification;user-oriented approach;Google;Search engines;Software algorithms;Software quality;Testing;Web pages;Software quality;lack of system specification;metamorphic testing;oracle problem;quality assessment;search engine;user-oriented testing;validation;verification}, 
	doi={10.1109/TSE.2015.2478001}, 
	ISSN={0098-5589}, 
	month={March},}
@INPROCEEDINGS{7890601, 
	author={S. Nakajima and H. N. Bui}, 
	booktitle={2016 23rd Asia-Pacific Software Engineering Conference (APSEC)}, 
	title={Dataset Coverage for Testing Machine Learning Computer Programs}, 
	year={2016}, 
	volume={}, 
	number={}, 
	pages={297-304}, 
	keywords={learning (artificial intelligence);program testing;support vector machines;dataset coverage;machine learning classifiers;machine learning computer program testing;metamorphic testing;support vector machines;Computers;Guidelines;Software testing;Support vector machines;Systematics;Training;Metamorphic Testing;Pseudo Oracles;Support Vector Machines;Test Coverage}, 
	doi={10.1109/APSEC.2016.049}, 
	ISSN={1530-1362}, 
	month={Dec},}
@unknown{unknown,
	author = {Murphy, Christian and Kaiser, Gail and Hu, Lifeng and Wu, Leon},
	year = {2008},
	month = {01},
	pages = {867-872},
	title = {Properties of Machine Learning Applications for Use in Metamorphic Testing.}
}
@inproceedings{Murphy:2009:AST:1572272.1572295,
	author = {Murphy, Christian and Shen, Kuang and Kaiser, Gail},
	title = {Automatic System Testing of Programs Without Test Oracles},
	booktitle = {Proceedings of the Eighteenth International Symposium on Software Testing and Analysis},
	series = {ISSTA '09},
	year = {2009},
	isbn = {978-1-60558-338-9},
	location = {Chicago, IL, USA},
	pages = {189--200},
	numpages = {12},
	url = {http://doi.acm.org/10.1145/1572272.1572295},
	doi = {10.1145/1572272.1572295},
	acmid = {1572295},
	publisher = {ACM},
	address = {New York, NY, USA},
	keywords = {metamorphic testing, oracle problem, software testing},
} 