@article{Weyuker,
author = {Weyuker, Elaine J.},
doi = {10.1093/comjnl/25.4.465},
issn = {00104620},
journal = {Computer Journal},
number = {4},
pages = {465--470},
title = {{On testing non-testable programs}},
volume = {25},
year = {1982}
}
@inproceedings{Nakajima2016,
author = {Nakajima, S and Bui, H N},
booktitle = {2016 23rd Asia-Pacific Software Engineering Conference (APSEC)},
doi = {10.1109/APSEC.2016.049},
isbn = {1530-1362},
issn = {1530-1362},
keywords = {Computers,Guidelines,Metamorphic Testing,Pseudo Oracles,Software testing,Support Vector Machines,Support vector machines,Systematics,Test Coverage,Training,dataset coverage,learning (artificial intelligence),machine learning classifiers,machine learning computer program testing,metamorphic testing,program testing,support vector machines},
pages = {297--304},
title = {{Dataset Coverage for Testing Machine Learning Computer Programs}},
year = {2016}
}
@inproceedings{Elbaum2014,
 author = {Elbaum, Sebastian and Rosenblum, David S.},
 title = {Known Unknowns: Testing in the Presence of Uncertainty},
 booktitle = {Proceedings of the 22Nd ACM SIGSOFT International Symposium on Foundations of Software Engineering},
 series = {FSE 2014},
 year = {2014},
 isbn = {978-1-4503-3056-5},
 location = {Hong Kong, China},
 pages = {833--836},
 numpages = {4},
 url = {http://doi.acm.org/10.1145/2635868.2666608},
 doi = {10.1145/2635868.2666608},
 acmid = {2666608},
 publisher = {ACM},
 address = {New York, NY, USA},
 keywords = {Fault Masking, Hidden Markov Models, Software Testing, Uncertainty Quantification},
}

@article{Segura2016,
author = {Segura, Sergio and Fraser, Gordon and Sanchez, Ana B. and Ruiz-Cortes, Antonio},
doi = {10.1109/TSE.2016.2532875},
isbn = {0098-5589},
issn = {00985589},
journal = {IEEE Transactions on Software Engineering},
keywords = {Metamorphic testing,oracle problem,survey},
number = {9},
pages = {805--824},
title = {{A Survey on Metamorphic Testing}},
volume = {42},
year = {2016}
}
@article{Xie2011,
address = {New York, NY, USA},
author = {Xie, Xiaoyuan and Ho, Joshua W K and Murphy, Christian and Kaiser, Gail and Xu, Baowen and Chen, Tsong Yueh},
doi = {10.1016/j.jss.2010.11.920},
issn = {0164-1212},
journal = {J. Syst. Softw.},
keywords = {Machine learning,Metamorphic testing,Oracle problem,Test oracle,Validation,Verification},
month = {apr},
number = {4},
pages = {544--558},
publisher = {Elsevier Science Inc.},
title = {{Testing and Validating Machine Learning Classifiers by Metamorphic Testing}},
url = {http://dx.doi.org/10.1016/j.jss.2010.11.920},
volume = {84},
year = {2011}
}
@inproceedings{Xie2009,
author = {Xie, Xiaoyuan and Ho, Joshua and Murphy, Christian and Kaiser, Gail and Xu, Baowen and Chen, Tsong Yueh},
booktitle = {Proceedings - International Conference on Quality Software},
doi = {10.1109/QSIC.2009.26},
isbn = {9780769538280},
issn = {15506002},
pmid = {21243103},
title = {{Application of metamorphic testing to supervised classifiers}},
year = {2009}
}

@book{Graves,
  author    = {Alex Graves},
  title     = {Supervised Sequence Labelling with Recurrent Neural Networks},
  series    = {Studies in Computational Intelligence},
  volume    = {385},
  publisher = {Springer},
  year      = {2012},
  url       = {https://doi.org/10.1007/978-3-642-24797-2},
  doi       = {10.1007/978-3-642-24797-2},
  isbn      = {978-3-642-24796-5},
  timestamp = {Tue, 16 May 2017 14:24:36 +0200},
  biburl    = {https://dblp.org/rec/bib/series/sci/2012-385},
  bibsource = {dblp computer science bibliography, https://dblp.org}
}

@article{Murphy2009,
author = {Murphy, Christian and Shen, Kuang and Kaiser, Gail},
file = {:Users/akamazing/Library/Application Support/Mendeley Desktop/Downloaded/Murphy, Shen, Kaiser - 2009 - Automatic System Testing of Programs without Test Oracles.pdf:pdf},
keywords = {D25 [Software Engineering],Metamorphic Testing,Oracle Problem,Software/Program Verifi-cation,Testing and De-bugging General Terms Reliability,Verification Keywords Software Testing},
title = {{Automatic System Testing of Programs without Test Oracles}},
year = {2009}
}
@article{Murphy,
author = {Murphy, Christian and Kaiser, Gail and Hu, Lifeng},
title = {{Properties of Machine Learning Applications for Use in Metamorphic Testing}}
}

@inproceedings{Chen2003,
author = {Chen, T. Y. and Kuo, F. C. and Tse, T. H. and Zhou, Zhi Quan},
booktitle = {Proceedings - 11th Annual International Workshop on Software Technology and Engineering Practice, STEP 2003},
doi = {10.1109/STEP.2003.18},
isbn = {0769522181},
keywords = {Arithmetic,Australia Council,Computer science,Cryptography,Debugging,Humans,Information systems,Information technology,Software testing,System testing},
pages = {94--100},
title = {{Metamorphic testing and beyond}},
year = {2004}
}
@article{Chen2016,
author = {Chen, Tsong Yueh and Poon, Pak-Lok and Xie, Xiaoyuan},
doi = {10.1016/J.JSS.2015.07.037},
file = {:Users/akamazing/Library/Application Support/Mendeley Desktop/Downloaded/Chen, Poon, Xie - 2016 - METRIC METamorphic Relation Identification based on the Category-choice framework.pdf:pdf},
issn = {0164-1212},
journal = {Journal of Systems and Software},
mendeley-groups = {Thesis},
month = {jun},
pages = {177--190},
publisher = {Elsevier},
title = {{METRIC: METamorphic Relation Identification based on the Category-choice framework}},
url = {https://www.sciencedirect.com/science/article/pii/S0164121215001624},
volume = {116},
year = {2016}
}
@inproceedings{Gotlieb2003,
 author = {Gotlieb, Arnaud and Botella, Bernard},
 title = {Automated Metamorphic Testing},
 booktitle = {Proceedings of the 27th Annual International Conference on Computer Software and Applications},
 series = {COMPSAC '03},
 year = {2003},
 isbn = {0-7695-2020-0},
 pages = {34--},
 url = {http://dl.acm.org/citation.cfm?id=950785.950794},
 acmid = {950794},
 publisher = {IEEE Computer Society},
 address = {Washington, DC, USA},
}
@inproceedings{Davis1981,
 author = {Davis, Martin D. and Weyuker, Elaine J.},
 title = {Pseudo-oracles for Non-testable Programs},
 booktitle = {Proceedings of the ACM '81 Conference},
 series = {ACM '81},
 year = {1981},
 isbn = {0-89791-049-4},
 pages = {254--257},
 numpages = {4},
 url = {http://doi.acm.org/10.1145/800175.809889},
 doi = {10.1145/800175.809889},
 acmid = {809889},
 publisher = {ACM},
 address = {New York, NY, USA},
}



@misc{MNIST,
author = {Yann LeCun and Corinna Cortes and Christopher J.C. Burges},
title = {The {MNIST} Database of handwritten digits},
howpublished = {\url{http://yann.lecun.com/exdb/mnist/}},
note = {Accessed: 2018-05-30},
year = {1999}
}
